<record><leader>00000cas a22000007a 4500</leader><controlfield tag="001">10636976</controlfield><controlfield tag="008">840417d19821985txuwx ne      0   a0eng d</controlfield><datafield ind1=" " ind2=" " tag="010"><subfield code="a">sn 85006804 </subfield></datafield><datafield ind1=" " ind2=" " tag="040"><subfield code="a">TXB</subfield><subfield code="b">eng</subfield><subfield code="c">TXB</subfield><subfield code="d">NSD</subfield><subfield code="d">TXB</subfield><subfield code="d">NSD</subfield><subfield code="d">OCL</subfield><subfield code="d">OCLCQ</subfield><subfield code="d">OCLCF</subfield><subfield code="d">OCLCO</subfield><subfield code="d">OCL</subfield></datafield><datafield ind1=" " ind2=" " tag="012"><subfield code="j">1</subfield><subfield code="m">d</subfield></datafield><datafield ind1="1" ind2=" " tag="022"><subfield code="a">0884-4763</subfield><subfield code="l">0884-4763</subfield><subfield code="2">1</subfield></datafield><datafield ind1=" " ind2=" " tag="037"><subfield code="b">Wylie Journal, Inc., 4592 Buffalo Gap Road, Abilene, Tex. 79605</subfield></datafield><datafield ind1=" " ind2=" " tag="042"><subfield code="a">nsdp</subfield></datafield><datafield ind1=" " ind2=" " tag="043"><subfield code="a">n-us-tx</subfield></datafield><datafield ind1=" " ind2="0" tag="222"><subfield code="a">Wylie journal</subfield></datafield><datafield ind1="0" ind2="0" tag="245"><subfield code="a">Wylie journal.</subfield></datafield><datafield ind1=" " ind2=" " tag="260"><subfield code="a">Abilene, Tex. :</subfield><subfield code="b">Wylie Journal, Inc.</subfield></datafield><datafield ind1=" " ind2=" " tag="300"><subfield code="a">v. :</subfield><subfield code="b">ill. ;</subfield><subfield code="c">58 cm.</subfield></datafield><datafield ind1=" " ind2=" " tag="310"><subfield code="a">50 no. a year,</subfield><subfield code="b">&lt;July 25, 1985-&gt;</subfield></datafield><datafield ind1=" " ind2=" " tag="321"><subfield code="a">Weekly,</subfield><subfield code="b">Jan. 21, 1982-</subfield></datafield><datafield ind1="1" ind2=" " tag="362"><subfield code="a">Began with: Vol. 1, no. 1 (Jan. 21, 1982) ; ceased with vol. 4, no. 37 (Nov. 7, 1985).</subfield></datafield><datafield ind1=" " ind2=" " tag="588"><subfield code="a">Description based on: Vol. 3, no. 5 (Feb 23, 1984).</subfield></datafield><datafield ind1=" " ind2="0" tag="650"><subfield code="a">Newspapers.</subfield></datafield><datafield ind1=" " ind2="7" tag="650"><subfield code="a">Newspapers.</subfield><subfield code="2">fast</subfield><subfield code="0">(OCoLC)fst01037111</subfield></datafield><datafield ind1=" " ind2=" " tag="752"><subfield code="a">United States</subfield><subfield code="b">Texas</subfield><subfield code="c">Taylor</subfield><subfield code="d">Abilene.</subfield></datafield><datafield ind1="0" ind2="0" tag="785"><subfield code="t">Southside focus</subfield><subfield code="x">0887-9079</subfield><subfield code="w">(OCoLC)13100350</subfield></datafield><datafield ind1=" " ind2=" " tag="936"><subfield code="a">Unknown</subfield><subfield code="a">July 25, 1985</subfield></datafield></record>